@misc{hwang2021method,
  title={Method and apparatus for registration of medical images},
  author={Hwang, Youngkyoo and Kim, Jung-Bae and Oh, Young-Taek and Bang, Won-chul and Ra, Jong Beom and Nam, Woo Hyun and Weon, Chijun},
  year={2021},
  month=mar # "~16",
  publisher={Google Patents},
  note={US Patent 10,945,708}
}

@misc{oh2016method,
  title     = {Method, apparatus, and medical imaging system for segmenting image of object from image of organ},
  author    = {Oh, Young-Taek and Kim, Do-kyoon and Kim, Jung-Bae and Bang, Won-chul and Hwang, Young-kyoo},
  year      = {2016},
  month     = feb # {~16},
  publisher = {Google Patents},
  note      = {US Patent 9,262,835}
}

@misc{hwang2016method,
  title     = {Method and apparatus for representing changes in shape and location of organ in respiration cycle},
  author    = {Hwang, Young-kyoo and Kang, Na-hyup and Kim, Do-kyoon and Kim, Jung-Bae and Oh, Young-Taek and Lee, Hyong-euk},
  year      = {2016},
  month     = feb # {~16},
  publisher = {Google Patents},
  note      = {US Patent 9,262,685}
}

@misc{kim2019method,
  title     = {Method and apparatus for performing registration of medical images},
  author    = {Kim, Jung-Bae and Hwang, Young-kyoo and Kim, Do-kyoon and Bang, Won-chul and Oh, Young-Taek},
  year      = {2019},
  month     = jul # {~30},
  publisher = {Google Patents},
  note      = {US Patent 10,362,941}
}

@misc{kim2016method,
  title     = {Method for registering medical images, apparatus performing the method, and computer readable media including the method},
  author    = {Kim, Jungbae and Hwang, Youngkyoo and Oh, Young-Taek and Bang, Wonchul},
  year      = {2016},
  month     = dec # {~20},
  publisher = {Google Patents},
  note      = {US Patent 9,521,980}
}

@misc{jiwon2021method,
  title     = {Method and apparatus for registration of medical images},
  author    = {Ryu, Jiwon and Bang, Won-chul and Oh, Young-Taek and Lee, Kyong Joon and Lee, Min Woo and Chang, Jungwoo and Jeong, Jayeon and Shin, Dong Kuk and Choi, Sung-Jin},
  year      = {2021},
  month     = apr # {~27},
  publisher = {Google Patents},
  note      = {US Patent 10,991,069}
}

@misc{kim2017method,
  title     = {Method and apparatus for registering medical images},
  author    = {Kim, Sunkwon and Seo, Joonho and Hwang, Youngkyoo and Kim, Jungbae and Oh, Young-Taek and Bang, Wonchul},
  year      = {2017},
  month     = dec # {~12},
  publisher = {Google Patents},
  note      = {US Patent 9,842,379}
}

@misc{oh2018method,
  title     = {Method and apparatus for registering medical images},
  author    = {Oh, Young-Taek and Kim, Jungbae and Jeong, Jayeon and Hwang, Youngkyoo and Bang, Wonchul},
  year      = {2018},
  month     = sep # {~18},
  publisher = {Google Patents},
  note      = {US Patent 10,076,311}
}

@misc{oh2018ultrasonic,
  title     = {Ultrasonic imaging apparatus and method of controlling the same},
  author    = {Oh, Young-Taek and Bang, Won-chul and Jiwon, RYU and Jeong, Jayeon and Lee, MinWoo},
  year      = {2018},
  month     = jul # {~10},
  publisher = {Google Patents},
  note      = {US Patent 10,018,598}
}

@misc{jeong2018medical,
  title     = {Medical image processing apparatus and medical image registration method using virtual reference point for registering images},
  author    = {Jeong, Jayeon and Bang, Won-chul and Jiwon, Ryu and Oh, Young-Taek and Chang, Jungwoo and Kim, Jungbae and Lee, Kyong Joon},
  year      = {2018},
  month     = jun # {~5},
  publisher = {Google Patents},
  note      = {US Patent 9,990,725}
}

@misc{oh2018image,
  title     = {Image processing apparatus, medical image apparatus and image fusion method for the medical image},
  author    = {Oh, Young Taek and Chang, Jung Woo and Jeong, Ja Yeon and Bang, Won-chul},
  year      = {2018},
  month     = apr # {~24},
  publisher = {Google Patents},
  note      = {US Patent 9,949,723}
}

@misc{alchera_patent,
  title     = {3차원 손 자세 인식 장치 및 방법},
  author    = {조동찬 and 황영규 and 김정배 and 오영택},
  year      = {2022},
  month     = mar # {~22},
  note      = {1023828830000}
}

@misc{celu_patent,
  title     = {{NFT}가 적용된 아웃도어 포인트자산 중개 시스템, 방법 및 프로그램},
  author    = {오영택},
  year      = {2024},
  month     = apr # {~24},
  note      = {1026582060000}
}